<record><leader>00000cas a2200000 a 4500</leader><controlfield tag="001">50656139</controlfield><controlfield tag="008">020924d19311949iluwr ne      0   a0eng c</controlfield><datafield ind1=" " ind2=" " tag="010"><subfield code="a">sn2007059060</subfield><subfield code="z">sn2002060825</subfield></datafield><datafield ind1=" " ind2=" " tag="040"><subfield code="a">CVF</subfield><subfield code="b">eng</subfield><subfield code="c">CVF</subfield><subfield code="d">DLC</subfield><subfield code="d">NVF</subfield><subfield code="d">OCLCQ</subfield><subfield code="d">NVF</subfield><subfield code="d">OCLCF</subfield><subfield code="d">OCLCO</subfield></datafield><datafield ind1=" " ind2=" " tag="042"><subfield code="a">pcc</subfield></datafield><datafield ind1=" " ind2=" " tag="043"><subfield code="a">n-us-il</subfield></datafield><datafield ind1="0" ind2=" " tag="130"><subfield code="a">Community news (Zion, Ill. : 1931)</subfield></datafield><datafield ind1="1" ind2="0" tag="245"><subfield code="a">Community news.</subfield></datafield><datafield ind1=" " ind2=" " tag="260"><subfield code="a">Zion, Ill. :</subfield><subfield code="b">Bicket &amp; Ingram,</subfield><subfield code="c">1931-1949.</subfield></datafield><datafield ind1=" " ind2=" " tag="300"><subfield code="a">v.</subfield></datafield><datafield ind1=" " ind2=" " tag="310"><subfield code="a">Weekly</subfield></datafield><datafield ind1="0" ind2=" " tag="362"><subfield code="a">-v. 20, no. 24 (Sept. 8, 1949).</subfield></datafield><datafield ind1=" " ind2=" " tag="500"><subfield code="a">Title serves: Zion, Beach, Winthrop Harbor, Wadsworth, Russell, and North Prairie.</subfield></datafield><datafield ind1=" " ind2=" " tag="515"><subfield code="a">Irregular pagination throughout.</subfield></datafield><datafield ind1=" " ind2=" " tag="515"><subfield code="a">Various misprints in chronology.</subfield></datafield><datafield ind1=" " ind2=" " tag="525"><subfield code="a">Supplements accompany some issues.</subfield></datafield><datafield ind1=" " ind2=" " tag="530"><subfield code="a">Preservation microfilmed by the University of Illinois at Urbana-Champaign Library as part of the United States Newspaper Program; the years 1935-1949 (on 6 microfilm reels) are available for purchase from OCLC Preservation Service Centers.</subfield></datafield><datafield ind1=" " ind2=" " tag="588"><subfield code="a">Description based on: Vol. 6, no. 37 (Dec. 26, 1935).</subfield></datafield><datafield ind1=" " ind2="0" tag="651"><subfield code="a">Zion (Ill.)</subfield><subfield code="v">Newspapers.</subfield></datafield><datafield ind1=" " ind2="0" tag="651"><subfield code="a">Winthrop Harbor (Ill.)</subfield><subfield code="v">Newspapers.</subfield></datafield><datafield ind1=" " ind2="0" tag="651"><subfield code="a">Wadsworth (Ill.)</subfield><subfield code="v">Newspapers.</subfield></datafield><datafield ind1=" " ind2="0" tag="651"><subfield code="a">Russell (Ill.)</subfield><subfield code="v">Newspapers.</subfield></datafield><datafield ind1=" " ind2="0" tag="651"><subfield code="a">North Prairie (Wis.)</subfield><subfield code="v">Newspapers.</subfield></datafield><datafield ind1=" " ind2="7" tag="655"><subfield code="a">Newspapers.</subfield><subfield code="2">fast</subfield><subfield code="0">(OCoLC)fst01423814</subfield></datafield><datafield ind1=" " ind2="7" tag="651"><subfield code="a">Illinois</subfield><subfield code="z">Wadsworth.</subfield><subfield code="2">fast</subfield><subfield code="0">(OCoLC)fst01868994</subfield></datafield><datafield ind1=" " ind2="7" tag="651"><subfield code="a">Illinois</subfield><subfield code="z">Winthrop Harbor.</subfield><subfield code="2">fast</subfield><subfield code="0">(OCoLC)fst01226864</subfield></datafield><datafield ind1=" " ind2="7" tag="651"><subfield code="a">Illinois</subfield><subfield code="z">Zion.</subfield><subfield code="2">fast</subfield><subfield code="0">(OCoLC)fst01217879</subfield></datafield><datafield ind1=" " ind2="7" tag="651"><subfield code="a">Wisconsin</subfield><subfield code="z">North Prairie.</subfield><subfield code="2">fast</subfield><subfield code="0">(OCoLC)fst01228734</subfield></datafield><datafield ind1=" " ind2=" " tag="752"><subfield code="a">United States</subfield><subfield code="b">Illinois</subfield><subfield code="c">Lake</subfield><subfield code="d">Zion.</subfield></datafield><datafield ind1="0" ind2="0" tag="780"><subfield code="t">Benton advertiser</subfield><subfield code="w">(DLC)sn 86086418</subfield><subfield code="w">(OCoLC)13347736</subfield></datafield><datafield ind1="0" ind2="0" tag="785"><subfield code="t">Zion-Benton news</subfield><subfield code="w">(DLC)sn 94054557</subfield><subfield code="w">(OCoLC)30965959</subfield></datafield></record>